@article{Bazant1988,
 author    = "Ba\v{z}ant, P. Z. and Lin, F. B.",
 title     = "Non-local yield limit degradation",
 journal = "International Journal for Numerical Methods in Engineering",
 year      =  "1988",
 volume   = "26",
 pages	= "1805-1823",
}

@inproceedings{Drucker1951,
 author    = "Drucker, D. C.",
 title     = "A more fundamental approach to plastic stress-strain relations",
 booktitle = "Proceedings of the First National Congress of Applied Mechanics",
 year      =  "1951",
 pages	= "487-491",
 organization = "ASME",
 address = "Chicago, USA"
}

@book{Hill1998,
  title={The Mathematical Theory of Plasticity},
  author={Hill, R.},
  series={Oxford classic texts in the physical sciences},
  year={1998},
  publisher={Clarendon Press}
}

@phdthesis{Mazars1984b,
 author    = "Mazars, J.",
 title     = "Application de le M\'ecanique de l'endommagement au comportement non lineaire et \`a la 
		rupture du b\'eton de Structure",
 school = "Universit\'e Pierre et Marie Curie - Laboratoire de M\'ecanique et Technologie",
 year      =  "1984",
 address   = "Paris, France",
}

@techreport{Petersson1981,
 author    = "Petersson, P. E.",
 title     = "Crack growth and development of fracture zones in plain concrete and similar materials",
 institution = "Division of Building Materials, Lund Institute of Technology",
 year      =  "1981",
 type   = "28",
 number	= "TVBM-1006",
 address = "Lund, Sweden",
}